[gd_scene load_steps=12 format=2]

[ext_resource path="res://Particles/fire_02.png" type="Texture" id=1]
[ext_resource path="res://Scripts/Particle_Flame.gd" type="Script" id=2]

[sub_resource type="SpatialMaterial" id=1]
flags_unshaded = true
vertex_color_use_as_albedo = true
params_blend_mode = 1
params_billboard_mode = 3
particles_anim_h_frames = 1
particles_anim_v_frames = 1
particles_anim_loop = false
albedo_texture = ExtResource( 1 )

[sub_resource type="Gradient" id=2]
offsets = PoolRealArray( 0, 0.348148, 0.659259 )
colors = PoolColorArray( 1, 0.909804, 0.0313726, 1, 1, 0.603922, 0, 1, 1, 0, 0, 1 )

[sub_resource type="GradientTexture" id=3]
gradient = SubResource( 2 )

[sub_resource type="Curve" id=4]
max_value = 10.0
_data = [ Vector2( 0, 0 ), 0.0, 10.0, 0, 1, Vector2( 1, 10 ), 10.0, 0.0, 1, 0 ]

[sub_resource type="CurveTexture" id=5]
curve = SubResource( 4 )

[sub_resource type="Curve" id=6]
_data = [ Vector2( 0, 0 ), 0.0, 1.92743, 0, 1, Vector2( 0.518825, 1 ), 0.0, 0.0, 0, 0, Vector2( 1, 0 ), -2.07824, 0.0, 1, 0 ]

[sub_resource type="CurveTexture" id=7]
curve = SubResource( 6 )

[sub_resource type="ParticlesMaterial" id=8]
spread = 20.0
flatness = 1.0
gravity = Vector3( 0, 0, 0 )
initial_velocity = -8.0
angular_velocity = 30.0
angular_velocity_random = 1.0
damping = 3.0
damping_curve = SubResource( 5 )
scale = 2.0
scale_curve = SubResource( 7 )
color_ramp = SubResource( 3 )

[sub_resource type="QuadMesh" id=9]

[node name="Particle_Flame" type="Particles"]
material_override = SubResource( 1 )
cast_shadow = 0
amount = 25
lifetime = 0.75
explosiveness = 0.5
process_material = SubResource( 8 )
draw_pass_1 = SubResource( 9 )
script = ExtResource( 2 )

[node name="Timer" type="Timer" parent="."]
wait_time = 0.75
one_shot = true
autostart = true
[connection signal="timeout" from="Timer" to="." method="_on_Timer_timeout"]
